@Book{ groundrules,
	author = "Schwarz, Roger M.",
	title = "The skilled facilitator",
	volume = "The Jossey-Bass business \& management series",
	year = "2002",
	isbn = "0-7879-4723-7"
}
@misc{leading,	
	title = "Helping Your Virtual Team Take Ownership of the Teamâ€™s Project",
	note = "http://www.leadingvirtually.com/?p=7/ Accessed 10.02.2011"
}
@misc{stepladder,
	title = "Stepladder Technique",
	note = "http://www.mindtools.com/pages/article/newTED\_89.htm Accessed 03.05.2011"
}
@misc{brainstorming,
	title = "Brainstorming",
	note = "http://www.mindtools.com/brainstm.html Accessed 03.05.2011"
}
