@mastersthesis{telemetrithesis,
  author = "Anders Guldahl",
  title = "Fjernovervåkningssystem for Shell Eco-marathon kjøretøy",
  school = "NTNU",
  year = "2009"
}
@misc{highcharts,
  title = "Highcharts",
  note = "http://www.highcharts.com/ Accessed 12.04.2011"
}
@misc{jquery,
  title = "jQuery",
  note = "http://jquery.com/ Accessed 12.04.2011"
}
@misc{bindows,
  title = "Bindows gauges",
  note = "http://www.bindows.net/free\_gauges/ Accessed 12.04.2011"
}
